@inbook{atlaseolico,
	organization = {CEPEL},
	Author = {Odilon A. Camargo do Amarante and Michael Brower and John Zack and Antônio Leite de Sá},
	booktitle = {Atlas do potencial eólico brasileiro},
	address= {Brasil},
	year = {2001},
	url = {http://www.cresesb.cepel.br/publicacoes/download/atlas_eolico/Atlas%20do%20Potencial%20Eolico%20Brasileiro.pdf},
	urlaccessdate = {21 de novembro de 2016}
}

@book{pintofundamentos,
	title={Fundamentos da Energia Eólica},
	author={Milton de Oliveira Pinto},
	isbn={9788521621607},
	year = {2013},
	address = {Rio de Janeiro},
	publisher={LTC}
}